<?xml version="1.0" encoding="UTF-8"?><collection xmlns="http://www.loc.gov/MARC21/slim"><record><leader>00371nam--2200133-i-4500</leader><controlfield tag="001">000047340</controlfield><controlfield tag="002">20161230</controlfield><controlfield tag="005">20161230201046</controlfield><controlfield tag="008">060222s1000------------r-----000-0-eng-d</controlfield><datafield ind1=" " ind2=" " tag="100"><subfield code="a">Wiberg,Kenneth B</subfield></datafield><datafield ind1=" " ind2=" " tag="245"><subfield code="a">Ljkaboratory technique in organica chemistry</subfield></datafield><datafield ind1=" " ind2=" " tag="260"><subfield code="a">New York, Mcgraw-hill, 1960. Viii + 262 P</subfield></datafield><datafield ind1=" " ind2=" " tag="490"><subfield code="a">Mcgraw-hill Sseries In Adv.Chem</subfield></datafield><datafield ind1=" " ind2=" " tag="852"><subfield code="a">15621</subfield></datafield></record></collection>